@Misc{ddlog,
  title = 	 {Differential Datalog},
  howpublished = {\url{https://github.com/ryzhyk/differential-datalog}},
  note = 	 {Retrieved December 2018}}

@Manual{ddlog-manual,
  title = 	 {Differential Datalog ({DDLog}) Language Reference},
  author = 	 {Leonid Ryzhyk and Mihai Budiu},
  note = 	 {Retrieved December 2018},
  url = {https://github.com/ryzhyk/differential-datalog/blob/master/doc/language_reference/language_reference.md}
}

@Manual{ddlog-tutorial,
  title = 	 {A Differential Datalog ({DDLog}) Tutorial},
  author = 	 {Leonid Ryzhyk and Mihai Budiu},
  note = 	 {Retrieved December 2018},
  url = {https://github.com/ryzhyk/differential-datalog/blob/master/doc/tutorial/tutorial.md}
}

@Misc{datalog,
  title = 	 {Datalog},
  howpublished = {\url{https://en.wikipedia.org/wiki/Datalog}},
  year = 	 {Retrieved January 2019}}

@Misc{dd,
  title = 	 {Differential Dataflow},
  howpublished = {\url{https://github.com/TimelyDataflow/differential-dataflow}},
  year = 	 {Retrieved January 2019}}

@Misc{jni,
  author = 	 {Oracle Corp.},
  title = 	 {Java Native Interface},
  howpublished = {\url{https://docs.oracle.com/javase/8/docs/technotes/guides/jni/}},
  year = 	 {Retrieved January 2019}
}

@Misc{differential-dataflow,
  author = 	 {Frank McSherry},
  title = 	 {Differential Dataflow},
  url =          {\url{https://github.com/TimelyDataflow/differential-dataflow}}
}

@Inproceedings{differential-dataflow-paper,
  author =	 {McSherry, Frank and Murray, Derek and Isaacs,
                  Rebecca and Isard, Michael},
  title =	 {Differential Dataflow},
  booktitle =	 {Proceedings of CIDR 2013},
  year =	 2013,
  month =	 {January}
}

@inproceedings{timely-dataflow,
  author =	 {Murray, Derek G. and McSherry, Frank and Isaacs,
                  Rebecca and Isard, Michael and Barham, Paul and
                  Abadi, Mart\'{\i}n},
  title =	 {{Naiad}: A Timely Dataflow System},
  booktitle =	 {ACM Symposium on Operating Systems Principles (SOSP '13)},
  year =	 2013,
  address =	 {Farminton, Pennsylvania},
  pages =	 {439--455}
}

@Misc{dd-mdbook,
  author =	 {McSherry, Frank},
  title =	 {{Differential Dataflow} Documentation},
  url =          {\url{https://timelydataflow.github.io/differential-dataflow/}}
}

@Misc{dd-reference,
  author =	 {McSherry, Frank},
  title =	 {{Differential Dataflow} {API} reference},
  url =          {\url{https://docs.rs/differential-dataflow/0.8.0/differential_dataflow/}}
}

@Misc{ovn,
  author =	 {{OVN}},
  title =	 {{Open Virtual Network} architecture},
  url =          {\url{http://www.openvswitch.org/support/dist-docs/ovn-architecture.7.html}}
}
